
// general
@Online{github_bibleSearch_2016-05-07, title = {bible search -- GitHub}, author = {}, organization = {}, url = {https://github.com/MrJack91/bible_search}, urldate = {2016-05-07} }

@Online{Bibel_Wikipedia_2016-05-07, title = {Bibel -- Wikipedia}, author = {}, organization = {}, file = {:./references/Bibel – Wikipedia.html:html}, url = {https://de.wikipedia.org/wiki/Bibel}, urldate = {2016-05-07} }

// glossary
@Online{Basic_Concepts_Lucene_Tutorial_2016-05-08, title = {Basic Concepts -- LuceneTutorial}, author = {}, organization = {}, file = {:./references/Basic Concepts - Lucene Tutorial.com.html:html}, url = {http://www.lucenetutorial.com/basic-concepts.html}, urldate = {2016-05-08} }

// Intro
@Online{Apache_Lucene_2016-05-07, title = {Apache Lucene}, author = {}, organization = {}, file = {:./references/Apache Lucene - Welcome to Apache Lucene.html:html}, url = {https://lucene.apache.org/}, urldate = {2016-05-07} }

@Online{IntelliJ_IDEA_the_Java_IDE_2016-05-09, title = {IntelliJ IDEA the Java IDE -- JetBrains}, author = {}, organization = {}, file = {:./references/IntelliJ IDEA the Java IDE.html:html}, url = {https://www.jetbrains.com/idea/}, urldate = {2016-05-09} }

// Concept
@Online{Information_retrieval_Wikipedia_the_free_encyclopedia_2016-05-11, title = {Information retrieval -- Wikipedia}, author = {}, organization = {}, file = {:./references/Information retrieval - Wikipedia.html:html}, url = {https://en.wikipedia.org/wiki/Information_retrieval}, urldate = {2016-05-11} }

// Realization
@Online{Inner_workings_of_the_German_Analyzer_in_Lucene_2016-05-08, title = {Inner workings of the German Analyzer in Lucene -- Evelix}, author = {}, organization = {}, file = {:./references/Inner workings of the German Analyzer in Lucene.html:html}, url = {http://www.evelix.ch/unternehmen/Blog/evelix/2013/11/11/inner-workings-of-the-german-analyzer-in-lucene}, urldate = {2016-05-08} }

@Online{LUCENE-rename_optimize_to_a_less_cool-sounding_name_ASF_JIRA_2016-05-08, title = {rename optimize to a less cool-sounding name - Apache}, author = {}, organization = {}, file = {:./references/[LUCENE-3454] rename optimize to a less cool-sounding name - ASF JIRA.html:html}, url = {https://issues.apache.org/jira/browse/LUCENE-3454}, urldate = {2016-05-08} }

@Online{Lucene_Query_Syntax_Lucene_Tutorial_2016-05-09, title = {Lucene Query Syntax -- LuceneTutorial}, author = {}, organization = {}, file = {:./references/Lucene Query Syntax - Lucene Tutorial.com.html:html}, url = {http://www.lucenetutorial.com/lucene-query-syntax.html}, urldate = {2016-05-09} }

// Comparison
@Online{Abendmahl_Jesu_Wikipedia_2016-05-30, title = {Abendmahl Jesu -- Wikipedia}, author = {}, organization = {}, file = {:./references/Abendmahl Jesu – Wikipedia.html:html}, url = {https://de.wikipedia.org/wiki/Abendmahl_Jesu}, urldate = {2016-05-30} }

@Online{BibleServer_Die_Bibel_fr_alle_2016-05-30, title = {BibleServer - Die Bibel für alle}, author = {}, organization = {}, file = {:./references/BibleServer - Die Bibel für alle.html:html}, url = {http://www.bibleserver.com/}, urldate = {2016-05-30} }

@Online{BibleGateway_2016-05-30, title = {BibleGateway.com}, author = {}, organization = {}, file = {:./references/BibleGateway.com: A searchable online Bible in over 150 versions and 50 languages..html:html}, url = {https://www.biblegateway.com/}, urldate = {2016-05-30} }

@Online{Bible_Android_Apps_on_Google_Play_2016-05-30, title = {Bible -- Google Play}, author = {}, organization = {}, file = {:./references/Bible - Android Apps on Google Play.html:html}, url = {https://play.google.com/store/apps/details?id=com.sirma.mobile.bible.android}, urldate = {2016-05-30} }